[
  {
    "teacher_name": "Bruis Mandal",
    "email": "bmandal0@furl.net",
    "phone_number": "8559732896",
    "courses": "Bruis",
    "sales": 305,
    "teaching_since": "2022-12-15T10:51:59Z"
  },
  {
    "teacher_name": "Papagena Lardnar",
    "email": "plardnar1@shareasale.com",
    "phone_number": "5167322995",
    "courses": "Papagena",
    "sales": 373,
    "teaching_since": "2023-05-04T22:14:43Z"
  },
  {
    "teacher_name": "Mab Kopfer",
    "email": "mkopfer2@wiley.com",
    "phone_number": "5861371547",
    "courses": "Mab",
    "sales": 555,
    "teaching_since": "2023-06-24T02:59:33Z"
  },
  {
    "teacher_name": "Alley Curryer",
    "email": "acurryer3@geocities.jp",
    "phone_number": "3544007533",
    "courses": "Alley",
    "sales": 683,
    "teaching_since": "2023-09-09T02:32:30Z"
  },
  {
    "teacher_name": "Brittne Cavanaugh",
    "email": "bcavanaugh4@google.it",
    "phone_number": "5814738219",
    "courses": "Brittne",
    "sales": 814,
    "teaching_since": "2023-04-20T10:00:38Z"
  },
  {
    "teacher_name": "Diahann Sherborne",
    "email": "dsherborne5@unc.edu",
    "phone_number": "3221277466",
    "courses": "Diahann",
    "sales": 572,
    "teaching_since": "2022-11-29T04:58:00Z"
  },
  {
    "teacher_name": "Olimpia Schohier",
    "email": "oschohier6@liveinternet.ru",
    "phone_number": "3784072569",
    "courses": "Olimpia",
    "sales": 545,
    "teaching_since": "2023-11-17T05:23:59Z"
  },
  {
    "teacher_name": "Chase Hubbucks",
    "email": "chubbucks7@fda.gov",
    "phone_number": "8681210726",
    "courses": "Chase",
    "sales": 848,
    "teaching_since": "2023-09-14T04:35:45Z"
  },
  {
    "teacher_name": "Cyril Championnet",
    "email": "cchampionnet8@ameblo.jp",
    "phone_number": "6468319307",
    "courses": "Cyril",
    "sales": 921,
    "teaching_since": "2022-12-14T12:36:51Z"
  },
  {
    "teacher_name": "Bird Pennino",
    "email": "bpennino9@omniture.com",
    "phone_number": "1025500156",
    "courses": "Bird",
    "sales": 651,
    "teaching_since": "2022-12-20T00:52:26Z"
  },
  {
    "teacher_name": "Amye Deabill",
    "email": "adeabilla@nature.com",
    "phone_number": "9837837209",
    "courses": "Amye",
    "sales": 802,
    "teaching_since": "2023-09-14T15:22:27Z"
  },
  {
    "teacher_name": "Siffre Chyuerton",
    "email": "schyuertonb@auda.org.au",
    "phone_number": "1154654915",
    "courses": "Siffre",
    "sales": 207,
    "teaching_since": "2023-04-09T15:04:07Z"
  },
  {
    "teacher_name": "Garrick Benedict",
    "email": "gbenedictc@hatena.ne.jp",
    "phone_number": "9720371803",
    "courses": "Garrick",
    "sales": 251,
    "teaching_since": "2022-12-23T04:05:07Z"
  },
  {
    "teacher_name": "Ethelred Pedycan",
    "email": "epedycand@sitemeter.com",
    "phone_number": "2095439422",
    "courses": "Ethelred",
    "sales": 149,
    "teaching_since": "2023-06-04T03:52:59Z"
  },
  {
    "teacher_name": "Thorin Rushforth",
    "email": "trushforthe@flavors.me",
    "phone_number": "1705382584",
    "courses": "Thorin",
    "sales": 189,
    "teaching_since": "2023-09-08T08:32:44Z"
  },
  {
    "teacher_name": "Fara Sweetnam",
    "email": "fsweetnamf@oaic.gov.au",
    "phone_number": "3749036551",
    "courses": "Fara",
    "sales": 978,
    "teaching_since": "2023-04-22T00:27:51Z"
  },
  {
    "teacher_name": "Theresina Southern",
    "email": "tsoutherng@weebly.com",
    "phone_number": "1846375282",
    "courses": "Theresina",
    "sales": 433,
    "teaching_since": "2023-05-09T21:05:45Z"
  },
  {
    "teacher_name": "Annmarie Balint",
    "email": "abalinth@shutterfly.com",
    "phone_number": "7455015402",
    "courses": "Annmarie",
    "sales": 747,
    "teaching_since": "2023-02-14T09:14:37Z"
  },
  {
    "teacher_name": "Martin Belsey",
    "email": "mbelseyi@abc.net.au",
    "phone_number": "6459797714",
    "courses": "Martin",
    "sales": 931,
    "teaching_since": "2023-11-13T13:32:49Z"
  },
  {
    "teacher_name": "Shanda Lesper",
    "email": "slesperj@plala.or.jp",
    "phone_number": "4976621790",
    "courses": "Shanda",
    "sales": 748,
    "teaching_since": "2023-03-24T05:17:29Z"
  },
  {
    "teacher_name": "Lucky Glidder",
    "email": "lglidderk@washington.edu",
    "phone_number": "4624765311",
    "courses": "Lucky",
    "sales": 862,
    "teaching_since": "2023-10-26T08:00:58Z"
  },
  {
    "teacher_name": "Gladi Amberg",
    "email": "gambergl@myspace.com",
    "phone_number": "6351591929",
    "courses": "Gladi",
    "sales": 783,
    "teaching_since": "2023-11-20T07:15:32Z"
  },
  {
    "teacher_name": "Carina Thompsett",
    "email": "cthompsettm@yahoo.co.jp",
    "phone_number": "9031700436",
    "courses": "Carina",
    "sales": 198,
    "teaching_since": "2022-12-28T21:54:31Z"
  },
  {
    "teacher_name": "Karry McInnery",
    "email": "kmcinneryn@scientificamerican.com",
    "phone_number": "1851133127",
    "courses": "Karry",
    "sales": 924,
    "teaching_since": "2023-05-25T20:08:05Z"
  },
  {
    "teacher_name": "Zaneta Scatchar",
    "email": "zscatcharo@shareasale.com",
    "phone_number": "0695095420",
    "courses": "Zaneta",
    "sales": 608,
    "teaching_since": "2023-01-03T01:23:42Z"
  },
  {
    "teacher_name": "Eustace Madoc-Jones",
    "email": "emadocjonesp@imdb.com",
    "phone_number": "4023985198",
    "courses": "Eustace",
    "sales": 920,
    "teaching_since": "2023-03-11T11:55:42Z"
  },
  {
    "teacher_name": "Willamina Bools",
    "email": "wboolsq@google.co.uk",
    "phone_number": "7636542366",
    "courses": "Willamina",
    "sales": 784,
    "teaching_since": "2023-01-28T22:35:00Z"
  },
  {
    "teacher_name": "Ashton Fredson",
    "email": "afredsonr@comsenz.com",
    "phone_number": "9613811702",
    "courses": "Ashton",
    "sales": 101,
    "teaching_since": "2023-08-14T07:47:38Z"
  },
  {
    "teacher_name": "Venus Girardini",
    "email": "vgirardinis@1und1.de",
    "phone_number": "7593412962",
    "courses": "Venus",
    "sales": 785,
    "teaching_since": "2023-09-24T03:05:44Z"
  },
  {
    "teacher_name": "Cherri Drinan",
    "email": "cdrinant@yahoo.com",
    "phone_number": "2969944987",
    "courses": "Cherri",
    "sales": 597,
    "teaching_since": "2023-08-09T20:59:18Z"
  },
  {
    "teacher_name": "Timmy Abrahmer",
    "email": "tabrahmeru@arstechnica.com",
    "phone_number": "3589692596",
    "courses": "Timmy",
    "sales": 466,
    "teaching_since": "2023-10-13T22:34:55Z"
  },
  {
    "teacher_name": "Lucille Gomes",
    "email": "lgomesv@jimdo.com",
    "phone_number": "7219833164",
    "courses": "Lucille",
    "sales": 491,
    "teaching_since": "2023-06-30T04:45:33Z"
  },
  {
    "teacher_name": "Leonore Simoes",
    "email": "lsimoesw@bandcamp.com",
    "phone_number": "3109589524",
    "courses": "Leonore",
    "sales": 105,
    "teaching_since": "2022-11-27T19:34:39Z"
  },
  {
    "teacher_name": "Abbie Saville",
    "email": "asavillex@cornell.edu",
    "phone_number": "3343344753",
    "courses": "Abbie",
    "sales": 748,
    "teaching_since": "2023-11-21T15:00:48Z"
  },
  {
    "teacher_name": "Dalli Iiannone",
    "email": "diiannoney@technorati.com",
    "phone_number": "7972617465",
    "courses": "Dalli",
    "sales": 789,
    "teaching_since": "2023-03-08T22:29:33Z"
  },
  {
    "teacher_name": "Doro Ludlamme",
    "email": "dludlammez@wufoo.com",
    "phone_number": "7377160942",
    "courses": "Doro",
    "sales": 991,
    "teaching_since": "2023-10-07T00:51:22Z"
  },
  {
    "teacher_name": "Fremont Kubasek",
    "email": "fkubasek10@wikimedia.org",
    "phone_number": "6124508141",
    "courses": "Fremont",
    "sales": 903,
    "teaching_since": "2023-05-30T16:14:04Z"
  },
  {
    "teacher_name": "Robbin Senter",
    "email": "rsenter11@rediff.com",
    "phone_number": "9474582440",
    "courses": "Robbin",
    "sales": 537,
    "teaching_since": "2023-01-20T15:47:27Z"
  },
  {
    "teacher_name": "Shea Cleyne",
    "email": "scleyne12@mysql.com",
    "phone_number": "0649827619",
    "courses": "Shea",
    "sales": 770,
    "teaching_since": "2023-08-30T20:23:50Z"
  },
  {
    "teacher_name": "Shelli Argile",
    "email": "sargile13@yellowbook.com",
    "phone_number": "9276246800",
    "courses": "Shelli",
    "sales": 744,
    "teaching_since": "2023-07-21T04:52:14Z"
  },
  {
    "teacher_name": "Salome Hawkes",
    "email": "shawkes14@dagondesign.com",
    "phone_number": "6454114163",
    "courses": "Salome",
    "sales": 202,
    "teaching_since": "2023-11-15T01:31:57Z"
  },
  {
    "teacher_name": "Leanora Maykin",
    "email": "lmaykin15@ft.com",
    "phone_number": "9588063310",
    "courses": "Leanora",
    "sales": 829,
    "teaching_since": "2022-11-28T11:44:24Z"
  },
  {
    "teacher_name": "King Durak",
    "email": "kdurak16@nsw.gov.au",
    "phone_number": "8537449253",
    "courses": "King",
    "sales": 202,
    "teaching_since": "2023-02-13T08:31:31Z"
  },
  {
    "teacher_name": "Anette Sokell",
    "email": "asokell17@1und1.de",
    "phone_number": "5515452542",
    "courses": "Anette",
    "sales": 922,
    "teaching_since": "2023-06-18T12:34:15Z"
  },
  {
    "teacher_name": "Russell Barrable",
    "email": "rbarrable18@weibo.com",
    "phone_number": "9905458875",
    "courses": "Russell",
    "sales": 165,
    "teaching_since": "2023-09-01T08:24:23Z"
  },
  {
    "teacher_name": "Stevena Braisted",
    "email": "sbraisted19@washingtonpost.com",
    "phone_number": "7484063290",
    "courses": "Stevena",
    "sales": 365,
    "teaching_since": "2023-04-10T07:28:25Z"
  },
  {
    "teacher_name": "Franciska Schistl",
    "email": "fschistl1a@google.ca",
    "phone_number": "9081455702",
    "courses": "Franciska",
    "sales": 266,
    "teaching_since": "2023-07-10T11:40:42Z"
  },
  {
    "teacher_name": "Roseanne Woodford",
    "email": "rwoodford1b@timesonline.co.uk",
    "phone_number": "9067243957",
    "courses": "Roseanne",
    "sales": 808,
    "teaching_since": "2022-12-22T12:08:38Z"
  },
  {
    "teacher_name": "Monti Mudle",
    "email": "mmudle1c@google.pl",
    "phone_number": "6072861970",
    "courses": "Monti",
    "sales": 583,
    "teaching_since": "2023-07-08T23:57:08Z"
  },
  {
    "teacher_name": "Kevan Ciccottini",
    "email": "kciccottini1d@unblog.fr",
    "phone_number": "9263048916",
    "courses": "Kevan",
    "sales": 242,
    "teaching_since": "2023-02-05T21:07:45Z"
  },
  {
    "teacher_name": "Dominique Esmonde",
    "email": "desmonde1e@drupal.org",
    "phone_number": "7742250772",
    "courses": "Dominique",
    "sales": 524,
    "teaching_since": "2023-11-11T21:19:32Z"
  },
  {
    "teacher_name": "Kirsti Dunhill",
    "email": "kdunhill1f@sciencedaily.com",
    "phone_number": "1051744520",
    "courses": "Kirsti",
    "sales": 143,
    "teaching_since": "2023-01-22T06:16:11Z"
  },
  {
    "teacher_name": "Dimitri Peltzer",
    "email": "dpeltzer1g@desdev.cn",
    "phone_number": "7426810690",
    "courses": "Dimitri",
    "sales": 356,
    "teaching_since": "2023-06-04T03:55:17Z"
  },
  {
    "teacher_name": "Octavia Brocklehurst",
    "email": "obrocklehurst1h@istockphoto.com",
    "phone_number": "8336141936",
    "courses": "Octavia",
    "sales": 622,
    "teaching_since": "2023-07-05T19:38:04Z"
  },
  {
    "teacher_name": "Calypso Vaud",
    "email": "cvaud1i@comsenz.com",
    "phone_number": "3627885503",
    "courses": "Calypso",
    "sales": 222,
    "teaching_since": "2023-09-04T14:02:27Z"
  },
  {
    "teacher_name": "Claribel Caddell",
    "email": "ccaddell1j@redcross.org",
    "phone_number": "1182182194",
    "courses": "Claribel",
    "sales": 996,
    "teaching_since": "2023-09-18T00:34:41Z"
  },
  {
    "teacher_name": "Sibyl Degan",
    "email": "sdegan1k@hugedomains.com",
    "phone_number": "2772485544",
    "courses": "Sibyl",
    "sales": 432,
    "teaching_since": "2023-01-28T04:17:07Z"
  },
  {
    "teacher_name": "Lind Jarrette",
    "email": "ljarrette1l@nydailynews.com",
    "phone_number": "9717434050",
    "courses": "Lind",
    "sales": 387,
    "teaching_since": "2023-11-02T11:21:37Z"
  },
  {
    "teacher_name": "Arabel O'Criane",
    "email": "aocriane1m@google.ru",
    "phone_number": "2839905035",
    "courses": "Arabel",
    "sales": 541,
    "teaching_since": "2023-03-30T01:28:13Z"
  },
  {
    "teacher_name": "Titus Enriques",
    "email": "tenriques1n@accuweather.com",
    "phone_number": "6225730796",
    "courses": "Titus",
    "sales": 846,
    "teaching_since": "2023-05-28T07:17:37Z"
  },
  {
    "teacher_name": "Florette Lowey",
    "email": "flowey1o@si.edu",
    "phone_number": "7035713433",
    "courses": "Florette",
    "sales": 762,
    "teaching_since": "2023-08-24T04:20:58Z"
  },
  {
    "teacher_name": "Gal MacArthur",
    "email": "gmacarthur1p@creativecommons.org",
    "phone_number": "1628791470",
    "courses": "Gal",
    "sales": 301,
    "teaching_since": "2023-01-29T19:49:24Z"
  },
  {
    "teacher_name": "Wilmar Van der Merwe",
    "email": "wvan1q@economist.com",
    "phone_number": "1520125925",
    "courses": "Wilmar",
    "sales": 408,
    "teaching_since": "2023-11-20T21:32:14Z"
  },
  {
    "teacher_name": "Marcelline Wyrall",
    "email": "mwyrall1r@spiegel.de",
    "phone_number": "0882318519",
    "courses": "Marcelline",
    "sales": 439,
    "teaching_since": "2023-03-08T14:49:55Z"
  },
  {
    "teacher_name": "Britta Reddyhoff",
    "email": "breddyhoff1s@cdc.gov",
    "phone_number": "9147183861",
    "courses": "Britta",
    "sales": 731,
    "teaching_since": "2023-05-27T08:03:12Z"
  },
  {
    "teacher_name": "Felita Tytcomb",
    "email": "ftytcomb1t@yahoo.com",
    "phone_number": "3881749748",
    "courses": "Felita",
    "sales": 130,
    "teaching_since": "2023-05-28T18:03:21Z"
  },
  {
    "teacher_name": "Clementina Weigh",
    "email": "cweigh1u@ucsd.edu",
    "phone_number": "7246798218",
    "courses": "Clementina",
    "sales": 537,
    "teaching_since": "2023-06-18T17:01:43Z"
  },
  {
    "teacher_name": "Shani Duiged",
    "email": "sduiged1v@bravesites.com",
    "phone_number": "2770409719",
    "courses": "Shani",
    "sales": 224,
    "teaching_since": "2023-10-11T00:42:58Z"
  },
  {
    "teacher_name": "Sergent Andrick",
    "email": "sandrick1w@drupal.org",
    "phone_number": "7131187380",
    "courses": "Sergent",
    "sales": 126,
    "teaching_since": "2022-12-17T01:03:45Z"
  },
  {
    "teacher_name": "Clemence Evemy",
    "email": "cevemy1x@ucsd.edu",
    "phone_number": "7404306795",
    "courses": "Clemence",
    "sales": 984,
    "teaching_since": "2023-10-21T17:48:57Z"
  },
  {
    "teacher_name": "Olive Minister",
    "email": "ominister1y@netscape.com",
    "phone_number": "1653312343",
    "courses": "Olive",
    "sales": 664,
    "teaching_since": "2023-10-21T11:03:16Z"
  },
  {
    "teacher_name": "Jean Steenson",
    "email": "jsteenson1z@java.com",
    "phone_number": "4710820295",
    "courses": "Jean",
    "sales": 924,
    "teaching_since": "2023-03-26T18:23:07Z"
  },
  {
    "teacher_name": "Katusha Piaggia",
    "email": "kpiaggia20@webs.com",
    "phone_number": "0383934710",
    "courses": "Katusha",
    "sales": 180,
    "teaching_since": "2023-11-16T16:31:39Z"
  },
  {
    "teacher_name": "Amaleta Levee",
    "email": "alevee21@parallels.com",
    "phone_number": "2754675833",
    "courses": "Amaleta",
    "sales": 392,
    "teaching_since": "2023-09-27T16:46:54Z"
  },
  {
    "teacher_name": "Tildi Haggus",
    "email": "thaggus22@about.me",
    "phone_number": "1196588767",
    "courses": "Tildi",
    "sales": 969,
    "teaching_since": "2023-01-27T17:01:45Z"
  },
  {
    "teacher_name": "Hermy Jellett",
    "email": "hjellett23@columbia.edu",
    "phone_number": "1402611730",
    "courses": "Hermy",
    "sales": 390,
    "teaching_since": "2023-09-16T12:44:50Z"
  },
  {
    "teacher_name": "Gabey Orton",
    "email": "gorton24@google.cn",
    "phone_number": "4213435709",
    "courses": "Gabey",
    "sales": 918,
    "teaching_since": "2023-03-29T23:16:13Z"
  },
  {
    "teacher_name": "Mikel Corking",
    "email": "mcorking25@shop-pro.jp",
    "phone_number": "3814978730",
    "courses": "Mikel",
    "sales": 746,
    "teaching_since": "2023-06-26T14:19:09Z"
  },
  {
    "teacher_name": "Broderick Stoakley",
    "email": "bstoakley26@seattletimes.com",
    "phone_number": "1374839868",
    "courses": "Broderick",
    "sales": 547,
    "teaching_since": "2023-10-18T01:44:36Z"
  },
  {
    "teacher_name": "Cass Edinburgh",
    "email": "cedinburgh27@sphinn.com",
    "phone_number": "1434357511",
    "courses": "Cass",
    "sales": 654,
    "teaching_since": "2023-04-15T00:25:00Z"
  },
  {
    "teacher_name": "Adriana Jennery",
    "email": "ajennery28@gravatar.com",
    "phone_number": "9176799379",
    "courses": "Adriana",
    "sales": 946,
    "teaching_since": "2023-10-16T22:47:36Z"
  },
  {
    "teacher_name": "Gustaf Tampen",
    "email": "gtampen29@last.fm",
    "phone_number": "4995102299",
    "courses": "Gustaf",
    "sales": 404,
    "teaching_since": "2023-02-07T01:50:16Z"
  },
  {
    "teacher_name": "Xenos Ivakin",
    "email": "xivakin2a@samsung.com",
    "phone_number": "3968852958",
    "courses": "Xenos",
    "sales": 834,
    "teaching_since": "2023-06-20T14:54:56Z"
  },
  {
    "teacher_name": "Gilda Gentric",
    "email": "ggentric2b@tinyurl.com",
    "phone_number": "9972971740",
    "courses": "Gilda",
    "sales": 361,
    "teaching_since": "2023-02-18T14:06:44Z"
  },
  {
    "teacher_name": "Waldon Fennell",
    "email": "wfennell2c@skyrock.com",
    "phone_number": "6879625878",
    "courses": "Waldon",
    "sales": 227,
    "teaching_since": "2023-09-11T00:05:06Z"
  },
  {
    "teacher_name": "Batsheva Wybrow",
    "email": "bwybrow2d@hatena.ne.jp",
    "phone_number": "7087946773",
    "courses": "Batsheva",
    "sales": 132,
    "teaching_since": "2023-01-21T16:15:05Z"
  },
  {
    "teacher_name": "Reinaldos Gergher",
    "email": "rgergher2e@so-net.ne.jp",
    "phone_number": "8127477036",
    "courses": "Reinaldos",
    "sales": 836,
    "teaching_since": "2023-10-17T07:07:08Z"
  },
  {
    "teacher_name": "Caroline MacLoughlin",
    "email": "cmacloughlin2f@dagondesign.com",
    "phone_number": "5742111371",
    "courses": "Caroline",
    "sales": 391,
    "teaching_since": "2023-02-20T23:51:54Z"
  },
  {
    "teacher_name": "Randell Winchcomb",
    "email": "rwinchcomb2g@vk.com",
    "phone_number": "4443378626",
    "courses": "Randell",
    "sales": 891,
    "teaching_since": "2023-09-05T19:01:00Z"
  },
  {
    "teacher_name": "Yolanda Pendry",
    "email": "ypendry2h@fda.gov",
    "phone_number": "5996726963",
    "courses": "Yolanda",
    "sales": 806,
    "teaching_since": "2023-11-02T13:30:45Z"
  },
  {
    "teacher_name": "Malanie Molan",
    "email": "mmolan2i@ifeng.com",
    "phone_number": "5480167308",
    "courses": "Malanie",
    "sales": 820,
    "teaching_since": "2023-06-19T02:11:43Z"
  },
  {
    "teacher_name": "Berton Lince",
    "email": "blince2j@eepurl.com",
    "phone_number": "0537832130",
    "courses": "Berton",
    "sales": 723,
    "teaching_since": "2023-07-01T01:37:34Z"
  },
  {
    "teacher_name": "Carlynn Childerley",
    "email": "cchilderley2k@google.nl",
    "phone_number": "2864474549",
    "courses": "Carlynn",
    "sales": 188,
    "teaching_since": "2023-08-23T23:44:10Z"
  },
  {
    "teacher_name": "Alan Hassewell",
    "email": "ahassewell2l@bloomberg.com",
    "phone_number": "2204681741",
    "courses": "Alan",
    "sales": 517,
    "teaching_since": "2023-02-16T23:43:51Z"
  },
  {
    "teacher_name": "Sibelle Horribine",
    "email": "shorribine2m@berkeley.edu",
    "phone_number": "8822771605",
    "courses": "Sibelle",
    "sales": 311,
    "teaching_since": "2022-12-13T12:49:42Z"
  },
  {
    "teacher_name": "Simon Klassman",
    "email": "sklassman2n@godaddy.com",
    "phone_number": "1227407440",
    "courses": "Simon",
    "sales": 247,
    "teaching_since": "2022-12-27T14:27:39Z"
  },
  {
    "teacher_name": "Elnar Selburn",
    "email": "eselburn2o@dropbox.com",
    "phone_number": "6701375197",
    "courses": "Elnar",
    "sales": 637,
    "teaching_since": "2023-06-03T21:46:06Z"
  },
  {
    "teacher_name": "Barbara Cantua",
    "email": "bcantua2p@sina.com.cn",
    "phone_number": "2095860314",
    "courses": "Barbara",
    "sales": 599,
    "teaching_since": "2023-03-31T10:22:05Z"
  },
  {
    "teacher_name": "Chanda Clift",
    "email": "cclift2q@time.com",
    "phone_number": "8900953087",
    "courses": "Chanda",
    "sales": 569,
    "teaching_since": "2023-06-14T00:47:58Z"
  },
  {
    "teacher_name": "Tallia Letterick",
    "email": "tletterick2r@scribd.com",
    "phone_number": "5040498977",
    "courses": "Tallia",
    "sales": 283,
    "teaching_since": "2023-01-23T19:16:18Z"
  }
]